<?xml version="1.0" encoding="UTF-8"?><record xmlns="http://www.loc.gov/MARC21/slim" xmlns:cinclude="http://apache.org/cocoon/include/1.0" xmlns:zs="http://www.loc.gov/zing/srw/">
  <leader>00661cz  a2200169n  4500</leader>
  <controlfield tag="001">n  86017220 </controlfield>
  <controlfield tag="003">DLC</controlfield>
  <controlfield tag="005">20120515074709.0</controlfield>
  <controlfield tag="008">870519n| acannaabn          |n aaa     c</controlfield>
  <datafield tag="010" ind1=" " ind2=" ">
    <subfield code="a">n  86017220 </subfield>
  </datafield>
  <datafield tag="035" ind1=" " ind2=" ">
    <subfield code="a">(OCoLC)oca01858213</subfield>
  </datafield>
  <datafield tag="040" ind1=" " ind2=" ">
    <subfield code="a">NjP</subfield>
    <subfield code="b">eng</subfield>
    <subfield code="c">DLC</subfield>
    <subfield code="d">DLC</subfield>
    <subfield code="d">OCoLC</subfield>
    <subfield code="d">DLC</subfield>
  </datafield>
  <datafield tag="053" ind1=" " ind2="0">
    <subfield code="a">PT2668.I6</subfield>
  </datafield>
  <datafield tag="100" ind1="1" ind2=" ">
    <subfield code="a">Hinterberger, Ernst,</subfield>
    <subfield code="d">1931-2012</subfield>
  </datafield>
  <datafield tag="670" ind1=" " ind2=" ">
    <subfield code="a">His Jogging, 1984:</subfield>
    <subfield code="b">t.p. (Ernst Hinterberger) cover flap (b. 1931 in Vienna)</subfield>
  </datafield>
  <datafield tag="670" ind1=" " ind2=" ">
    <subfield code="a">LC in RLIN, 5/05/87</subfield>
    <subfield code="b">(hdg.: Hinterberger, Ernst, 1931- )</subfield>
  </datafield>
  <datafield tag="670" ind1=" " ind2=" ">
    <subfield code="a">German Wikipedia WWW site, May 14, 2012</subfield>
    <subfield code="b">(Ernst Hinterberger; b. Oct. 17, 1931, Vienna; d. there May 14, 2012; Austrian author and screenwriter)</subfield>
  </datafield>
</record>